@Article{cnn,
author = {G. Attardi and D. Sartiano and C. Alzetta and F. Semplici},
title = {Convolutional Neural Networks for Sentiment Analysis on Italian Tweets},
year = {2016}
}

@InProceedings{rnn,
author = {L. Arras and G. Montavon and K-R. Muller and W. Samek},
title = {Explaining Recurrent Neural Network Predictions in Sentiment Analysis},
booktitle = {the 8th Workshop on Computational Approaches to Subjectivity, Sentiment and Social Media Analysis},
OPTpages = {159-168},
OPTyear = {2017},
}
